@electronic { Wix,
  organization = "Wix.com Ltd.",
  title = "Wix",
  url = "https://www.wix.com",
  note = "Accessed: Apr. 29, 2020."
}

@electronic { Squarespace,
  organization = "Squarespace, Inc.",
  title = "Squarespace",
  url = "https://www.squarespace.com",
  note = "Accessed: Apr. 29, 2020."
}

@electronic { Figma,
  organization = "Figma, Inc.",
  title = "Figma",
  url = "https://www.figma.com",
  note = "Accessed: Apr. 29, 2020."
}

@electronic { Sketch,
  organization = "Bohemian Coding",
  title = "Sketch",
  url = "https://www.sketch.com",
  note = "Accessed: Apr. 29, 2020."
}

@electronic { InVision,
  organization = "InVision App Inc.",
  title = "InVision",
  url = "https://www.invisionapp.com",
  note = "Accessed: Apr. 29, 2020."
}

@electronic { Wordpress,
  organization = "Automattic",
  title = "WordPress.com",
  url = "https://wordpress.org",
  note = "Accessed: Apr. 29, 2020."
}

@electronic { Blocs,
  organization = "Cazoobi Limited",
  title = "Blocs",
  url = "https://blocsapp.com",
  note = "Accessed: Apr. 29, 2020."
}

@electronic { TypeScript,
  organization = "Microsoft Corporation",
  title = "TypeScript",
  url = "https://www.typescriptlang.org",
  note = "Accessed: Apr. 29, 2020."
}

@electronic { Electron,
  title = "Electron",
  url = "https://www.electronjs.org",
  note = "Accessed: Apr. 29, 2020."
}

@electronic { React,
  organization = "Facebook Inc.",
  title = "React",
  url = "https://reactjs.org",
  note = "Accessed: Apr. 29, 2020."
}

@electronic { Netlify,
  organization = "Netlify",
  title = "Netlify",
  url = "https://www.netlify.com",
  note = "Accessed: Apr. 29, 2020."
}
